<?xml version="1.0" encoding="UTF-8"?><collection><record><leader>04821ntm a2200517 a 4500</leader><controlfield tag="001">006836173</controlfield><controlfield tag="003">MiAaHDL</controlfield><controlfield tag="005">20190719000000.0</controlfield><controlfield tag="006">m        d        </controlfield><controlfield tag="007">cr bn ---auaua</controlfield><controlfield tag="008">090708s17uu    xx            00| ||per d</controlfield><datafield tag="035" ind1=" " ind2=" "><subfield code="a">(MiU)006836173</subfield></datafield><datafield tag="035" ind1=" " ind2=" "><subfield code="a">sdr-miu006836173</subfield></datafield><datafield tag="040" ind1=" " ind2=" "><subfield code="a">MiU</subfield><subfield code="c">MiU</subfield><subfield code="e">amremm</subfield></datafield><datafield tag="043" ind1=" " ind2=" "><subfield code="a">n-us-mi</subfield></datafield><datafield tag="100" ind1="1" ind2=" "><subfield code="6">880-01</subfield><subfield code="a">Khāqānī, Afz̤al al-Dīn Shirvānī,</subfield><subfield code="d">approximately 1126-1198 or 1199.</subfield></datafield><datafield tag="245" ind1="1" ind2="0"><subfield code="6">880-03</subfield><subfield code="a">Tuḥfat al-ʻIrāqayn,</subfield><subfield code="f">[18th century?].</subfield></datafield><datafield tag="246" ind1="3" ind2=" "><subfield code="a">تحفة العراقين</subfield></datafield><datafield tag="260" ind1=" " ind2=" "><subfield code="c">[17--?].</subfield></datafield><datafield tag="300" ind1=" " ind2=" "><subfield code="a">108 leaves :</subfield><subfield code="b">paper ;</subfield><subfield code="c">212 x 155 (180 x 85) mm. bound to 220 x 160 mm.</subfield></datafield><datafield tag="500" ind1=" " ind2=" "><subfield code="a">Shelfmark: Ann Arbor, University of Michigan, Special Collections Library, Isl. Ms. 899</subfield></datafield><datafield tag="500" ind1=" " ind2=" "><subfield code="a">Origin: Lacks dated colophon ; paper, hand, etc. may suggest 18th or possibly 17th century. Date in oval seal impression provides only very rough terminus ante quem of 1803, since seal impression could have been made years before its use in the volume.</subfield></datafield><datafield tag="500" ind1=" " ind2=" "><subfield code="a">Accompanying materials: a. Slip with note "counted for 1968/69 Annual Report" -- b. Slip with note "Persian Manuscripts (Heyworth-Dunne?) No Husselman or Meredith-Owen notes" -- c. Recycled card with notes in hand of Emilie Savage-Smith [?] "poetry | Persian | many marginal annotation | 19th c. binding" -- d. Scrap with inscription in ink "Khāqānī : Tuḥfat al-ʻirāqain."</subfield></datafield><datafield tag="500" ind1=" " ind2=" "><subfield code="a">Former shelfmark: Mich. Isl. Ms. temp. no. 48</subfield></datafield><datafield tag="500" ind1=" " ind2=" "><subfield code="a">Binding: Pasteboards covered in block-printed paper (red floral vegetal design with blue accents) with light brown leather over spine and board corners (half binding) ; Type III binding (without flap) though not flush with text block ; pastedowns and flyleaves in untinted paper with many inclusions and fibers visible ; sewn in heavy cream thread, two stations ; worked chevron endbands in dark blue and cream, fair condition (protected by spine leather) ; overall in fair condition with some abrasion, staining, etc.</subfield></datafield><datafield tag="500" ind1=" " ind2=" "><subfield code="a">Support: non-European laid paper with roughly 8 laid lines per cm. (horizontal, fairly distinct, some curving) and occasional chain lines visible (vertical, possibly grouped, see p.183, 187, etc.), cloudy formation, sturdy though thin and transluscent, light brown in color, well-burnished.</subfield></datafield><datafield tag="500" ind1=" " ind2=" "><subfield code="a">Decoration: Keywords and section headings rubricated.</subfield></datafield><datafield tag="500" ind1=" " ind2=" "><subfield code="a">Script: Nastaʻlīq ; elegant hand ; serifless with effect of words descending to baseline, elongation and exaggerated thickness of horizontal strokes, pointing in distinct dots.</subfield></datafield><datafield tag="500" ind1=" " ind2=" "><subfield code="a">Layout: Written in 15 lines per page, with written area mainly divided to two columns ; frame-ruled (impression of ruling board evident).</subfield></datafield><datafield tag="500" ind1=" " ind2=" "><subfield code="a">Collation: ii, 13 IV(104), II (108), i ; almost exclusively quaternions ; middle of the quire marks in the form of oblique strokes in black, upper outer margin of right-hand leaf ; catchwords present ; pagination in pencil, Western numerals, first at the center of the upper margin, then in outer corner, begins with "1" on incipit page.</subfield></datafield><datafield tag="500" ind1=" " ind2=" "><subfield code="a">Incipit: "مائیم نظار گان غمناک زین حقه سبز و مهره خاک ..."</subfield></datafield><datafield tag="500" ind1=" " ind2=" "><subfield code="a">Title from inscription on front flyleaf.</subfield></datafield><datafield tag="500" ind1=" " ind2=" "><subfield code="a">Ms. codex.</subfield></datafield><datafield tag="510" ind1="4" ind2=" "><subfield code="a">Cat. Pers. MSS. Brit. Mus.,</subfield><subfield code="c">p.560</subfield></datafield><datafield tag="520" ind1="8" ind2=" "><subfield code="a">Fine though defective copy (lacking at end) of the mas̲navī describing the author's ḥājj journey from Shirvān to Mecca and back by the outstanding Persian poet Afz̤al al-Dīn Shirvānī Khāqānī (d.1199).</subfield></datafield><datafield tag="538" ind1=" " ind2=" "><subfield code="a">Mode of access: Internet.</subfield></datafield><datafield tag="541" ind1=" " ind2=" "><subfield code="c">Gift ;</subfield><subfield code="a">Acquired from Frank E. Nuttall (1875-1943).</subfield></datafield><datafield tag="546" ind1=" " ind2=" "><subfield code="a">Persian.</subfield></datafield><datafield tag="561" ind1=" " ind2=" "><subfield code="a">Description with title, author, etc. and possible former inventory mark on upper pastedown "Persian | Tuhfat al-Araqain | Khaqani | MSS. imperfect at end 10 [?] | 1172B" ; several former owners' marks on 'title page' including two oval seal impressions and a rectangular seal impression (all repeated on incipit page, but partially effaced), difficult to make out ; one of the oval seal impressions is repeated elsewhere (i.e. p.8, 16, 32, 52, 64, 191, 202, 212) and appears to read "عبده محمد نسيم ١٢١٧" (i.e. with date 1217 [1802 or 3]) ; extensive interlinear and marginal glosses and corrections.</subfield></datafield><datafield tag="650" ind1=" " ind2="0"><subfield code="a">Manuscripts, Persian</subfield><subfield code="z">Michigan</subfield><subfield code="z">Ann Arbor.</subfield></datafield><datafield tag="650" ind1=" " ind2="0"><subfield code="a">Masnavis, Persian</subfield><subfield code="v">Early works to 1800.</subfield></datafield><datafield tag="650" ind1=" " ind2="0"><subfield code="a">Persian poetry</subfield><subfield code="y">747-1500.</subfield></datafield><datafield tag="700" ind1="1" ind2=" "><subfield code="a">Nuttall, Frank E.,</subfield><subfield code="d">1875-1943,</subfield><subfield code="e">former owner.</subfield></datafield><datafield tag="773" ind1="0" ind2=" "><subfield code="a">F. E. Nuttall Collection.</subfield></datafield><datafield tag="880" ind1="1" ind2="0"><subfield code="6">245-03/</subfield><subfield code="a">تحفة العراقین,</subfield><subfield code="f">[قرن 18م؟].</subfield></datafield><datafield tag="880" ind1="1" ind2=" "><subfield code="6">100-01/</subfield><subfield code="a">خاقانى، افضل الدين شروانى.</subfield></datafield><datafield tag="CID" ind1=" " ind2=" "><subfield code="a">006836173</subfield></datafield><datafield tag="DAT" ind1="0" ind2=" "><subfield code="a">20190719102641.0</subfield><subfield code="b">20190719000000.0</subfield></datafield><datafield tag="DAT" ind1="1" ind2=" "><subfield code="a">20190719090653.0</subfield><subfield code="b">2019-07-19T16:10:25Z</subfield></datafield><datafield tag="DAT" ind1="2" ind2=" "><subfield code="a">2015-10-10T18:00:06Z</subfield></datafield><datafield tag="CAT" ind1=" " ind2=" "><subfield code="a">SDR-MIU</subfield><subfield code="d">EX LIBRIS - ALEPH</subfield><subfield code="l">prepare.pl-004-008</subfield></datafield><datafield tag="FMT" ind1=" " ind2=" "><subfield code="a">BK</subfield></datafield><datafield tag="HOL" ind1=" " ind2=" "><subfield code="0">sdr-miu006836173</subfield><subfield code="a">MiU</subfield><subfield code="b">SDR</subfield><subfield code="c">MIU</subfield><subfield code="p">mdp.39015079132273</subfield><subfield code="s">MIU</subfield><subfield code="1">006836173</subfield></datafield><datafield tag="974" ind1=" " ind2=" "><subfield code="b">MIU</subfield><subfield code="c">MIU</subfield><subfield code="d">20190719</subfield><subfield code="s">lit-dlps-dc</subfield><subfield code="u">mdp.39015079132273</subfield><subfield code="y">1799</subfield><subfield code="r">pd</subfield><subfield code="q">bib</subfield><subfield code="t">non-US bib date1 &lt; 1896</subfield></datafield></record></collection>